
<record>
  <leader>01400cam a22003251a 4500</leader>
  <controlfield tag="001">7060475</controlfield>
  <controlfield tag="005">20200103155247.0</controlfield>
  <controlfield tag="008">811110s1965    un a     b    000 0 ruso </controlfield>
  <datafield tag="906" ind1=" " ind2=" ">
    <subfield code="a">7</subfield>
    <subfield code="b">cbc</subfield>
    <subfield code="c">oclcrpl</subfield>
    <subfield code="d">u</subfield>
    <subfield code="e">ncip</subfield>
    <subfield code="f">19</subfield>
    <subfield code="g">y-gencatlg</subfield>
  </datafield>
  <datafield tag="035" ind1=" " ind2=" ">
    <subfield code="9">(DLC)   65068374</subfield>
  </datafield>
  <datafield tag="010" ind1=" " ind2=" ">
    <subfield code="a">   65068374 </subfield>
  </datafield>
  <datafield tag="035" ind1=" " ind2=" ">
    <subfield code="a">(OCoLC)7922231</subfield>
  </datafield>
  <datafield tag="040" ind1=" " ind2=" ">
    <subfield code="a">DLC</subfield>
    <subfield code="c">ICRL</subfield>
    <subfield code="d">MoKL</subfield>
    <subfield code="d">DLC</subfield>
  </datafield>
  <datafield tag="042" ind1=" " ind2=" ">
    <subfield code="a">premarc</subfield>
  </datafield>
  <datafield tag="050" ind1="0" ind2="0">
    <subfield code="a">TK7888.3</subfield>
    <subfield code="b">.A4</subfield>
  </datafield>
  <datafield tag="245" ind1="0" ind2="0">
    <subfield code="a">Kiberneticheskai︠a︡ tekhnika /</subfield>
    <subfield code="c">[red. kollegii︠a︡: V.M. Glushkov (otv. redaktor) ... et al. ; otv. redaktory sbornika: B.N. Malinovskiĭ, A.I. Nikitin].</subfield>
  </datafield>
  <datafield tag="260" ind1=" " ind2=" ">
    <subfield code="a">Kiev :</subfield>
    <subfield code="b">Naukova dumka,</subfield>
    <subfield code="c">1965.</subfield>
  </datafield>
  <datafield tag="300" ind1=" " ind2=" ">
    <subfield code="a">165 p. : ill. ;</subfield>
    <subfield code="c">20 cm.</subfield>
  </datafield>
  <datafield tag="490" ind1="1" ind2=" ">
    <subfield code="a">Kibernetika i vychislitel&apos;nai︠a︡ tekhnika.</subfield>
  </datafield>
  <datafield tag="500" ind1=" " ind2=" ">
    <subfield code="a">At head of title: Akademii︠a︡ nauk Ukrainskoĭ SSR.</subfield>
  </datafield>
  <datafield tag="500" ind1=" " ind2=" ">
    <subfield code="a">On leaf preceding t. p.: Respublikanskiĭ mezhvedomstvennyĭ sbornik.</subfield>
  </datafield>
  <datafield tag="500" ind1=" " ind2=" ">
    <subfield code="a">Includes bibliographical references.</subfield>
  </datafield>
  <datafield tag="650" ind1=" " ind2="0">
    <subfield code="a">Electronic digital computers</subfield>
    <subfield code="x">Circuits.</subfield>
  </datafield>
  <datafield tag="700" ind1="1" ind2=" ">
    <subfield code="a">Glushkov, Viktor Mikhaĭlovich</subfield>
  </datafield>
  <datafield tag="700" ind1="1" ind2=" ">
    <subfield code="a">Malinovskiĭ, Boris Nikolaevich</subfield>
  </datafield>
  <datafield tag="700" ind1="1" ind2=" ">
    <subfield code="a">Nikitin, A. I.</subfield>
    <subfield code="q">(Andreĭ Ivanovich)</subfield>
  </datafield>
  <datafield tag="710" ind1="2" ind2=" ">
    <subfield code="a">Akademii︠a︡ nauk Ukraïnsʹkoï RSR</subfield>
  </datafield>
  <datafield tag="830" ind1=" " ind2="0">
    <subfield code="a">Respublikanskiĭ mezhvedomstvennyĭ sbornik.</subfield>
    <subfield code="p">Serii︠a︡ &quot;Kibernetika i vychislitelʹnai︠a︡ tekhnika&quot;</subfield>
  </datafield>
  <datafield tag="985" ind1=" " ind2=" ">
    <subfield code="e">OCLC REPLACEMENT cdsdistr</subfield>
  </datafield>
  <datafield tag="991" ind1=" " ind2=" ">
    <subfield code="b">c-GenColl</subfield>
    <subfield code="h">TK7888.3</subfield>
    <subfield code="i">.A4</subfield>
    <subfield code="t">Copy 1</subfield>
    <subfield code="w">OCLCREP</subfield>
  </datafield>
</record>