
<record>
  <leader>01003cam a2200277u  4500</leader>
  <controlfield tag="001">7263472</controlfield>
  <controlfield tag="005">20200103105842.0</controlfield>
  <controlfield tag="008">810916s1814    fr b          000 0 fre  </controlfield>
  <datafield tag="906" ind1=" " ind2=" ">
    <subfield code="a">0</subfield>
    <subfield code="b">cbc</subfield>
    <subfield code="c">premunv</subfield>
    <subfield code="d">u</subfield>
    <subfield code="e">ncip</subfield>
    <subfield code="f">19</subfield>
    <subfield code="g">y-gencatlg</subfield>
  </datafield>
  <datafield tag="010" ind1=" " ind2=" ">
    <subfield code="a">   04011609 </subfield>
  </datafield>
  <datafield tag="035" ind1=" " ind2=" ">
    <subfield code="9">(DLC)   04011609</subfield>
  </datafield>
  <datafield tag="040" ind1=" " ind2=" ">
    <subfield code="a">DLC</subfield>
    <subfield code="c">CarP</subfield>
    <subfield code="d">DLC</subfield>
  </datafield>
  <datafield tag="050" ind1="0" ind2="0">
    <subfield code="a">DC236.75</subfield>
    <subfield code="b">.G52</subfield>
  </datafield>
  <datafield tag="100" ind1="1" ind2=" ">
    <subfield code="a">Giraud, P.-F.-F.-J.</subfield>
    <subfield code="q">(Pierre-François-Félix-Joseph),</subfield>
    <subfield code="d">1764-1821.</subfield>
  </datafield>
  <datafield tag="245" ind1="0" ind2="0">
    <subfield code="a">Campagne de Paris,</subfield>
  </datafield>
  <datafield tag="250" ind1=" " ind2=" ">
    <subfield code="a">6. éd. rev., cor. et augm.</subfield>
  </datafield>
  <datafield tag="260" ind1=" " ind2=" ">
    <subfield code="a">Paris,</subfield>
    <subfield code="b">A. Eymery,</subfield>
    <subfield code="c">1814.</subfield>
  </datafield>
  <datafield tag="300" ind1=" " ind2=" ">
    <subfield code="a">vii, [9]-124 p.</subfield>
    <subfield code="b">front. (fold. map)</subfield>
    <subfield code="c">21 cm.</subfield>
  </datafield>
  <datafield tag="530" ind1=" " ind2=" ">
    <subfield code="a">Also available in digital form.</subfield>
  </datafield>
  <datafield tag="650" ind1=" " ind2="0">
    <subfield code="a">Napoleonic Wars, 1800-1815</subfield>
    <subfield code="x">Campaigns</subfield>
    <subfield code="z">France.</subfield>
  </datafield>
  <datafield tag="650" ind1=" " ind2="0">
    <subfield code="a">Wars of Liberation, 1813-1814</subfield>
    <subfield code="x">Campaigns</subfield>
    <subfield code="z">France.</subfield>
  </datafield>
  <datafield tag="600" ind1="0" ind2="0">
    <subfield code="a">Napoleon</subfield>
    <subfield code="b">I,</subfield>
    <subfield code="c">Emperor of the French,</subfield>
    <subfield code="d">1769-1821</subfield>
    <subfield code="x">Contemporaries.</subfield>
  </datafield>
  <datafield tag="856" ind1="4" ind2="1">
    <subfield code="u">http://hdl.loc.gov/loc.gdc/scd0001.00195929762</subfield>
  </datafield>
  <datafield tag="985" ind1=" " ind2=" ">
    <subfield code="g">fcd</subfield>
  </datafield>
  <datafield tag="991" ind1=" " ind2=" ">
    <subfield code="b">c-GenColl</subfield>
    <subfield code="h">DC236.75</subfield>
    <subfield code="i">.G52</subfield>
    <subfield code="t">Copy 1</subfield>
    <subfield code="w">PREM</subfield>
  </datafield>
  <datafield tag="985" ind1=" " ind2=" ">
    <subfield code="a">massdig</subfield>
    <subfield code="e">iagc</subfield>
  </datafield>
</record>