
<record>
  <leader>01047cam a2200265u  4500</leader>
  <controlfield tag="001">7316856</controlfield>
  <controlfield tag="005">20200103165611.0</controlfield>
  <controlfield tag="008">830324s1919    utuab    b    000 0 eng  </controlfield>
  <datafield tag="906" ind1=" " ind2=" ">
    <subfield code="a">0</subfield>
    <subfield code="b">cbc</subfield>
    <subfield code="c">premunv</subfield>
    <subfield code="d">u</subfield>
    <subfield code="e">ncip</subfield>
    <subfield code="f">19</subfield>
    <subfield code="g">y-gencatlg</subfield>
  </datafield>
  <datafield tag="955" ind1=" " ind2=" ">
    <subfield code="a">xx</subfield>
    <subfield code="u">rf21 2020-01-03 (telework) hdgs., 856</subfield>
  </datafield>
  <datafield tag="035" ind1=" " ind2=" ">
    <subfield code="9">(DLC)   20027179</subfield>
  </datafield>
  <datafield tag="010" ind1=" " ind2=" ">
    <subfield code="a">   20027179 </subfield>
  </datafield>
  <datafield tag="040" ind1=" " ind2=" ">
    <subfield code="a">DLC</subfield>
    <subfield code="c">CarP</subfield>
    <subfield code="d">DLC</subfield>
  </datafield>
  <datafield tag="043" ind1=" " ind2=" ">
    <subfield code="a">n-us-ut</subfield>
  </datafield>
  <datafield tag="050" ind1="0" ind2="0">
    <subfield code="a">TN24.U8</subfield>
    <subfield code="b">L4</subfield>
  </datafield>
  <datafield tag="100" ind1="1" ind2=" ">
    <subfield code="a">Lewis, Robert S.</subfield>
    <subfield code="q">(Robert Strong),</subfield>
    <subfield code="d">1882-</subfield>
  </datafield>
  <datafield tag="245" ind1="1" ind2="4">
    <subfield code="a">The mineral industry of Utah,</subfield>
  </datafield>
  <datafield tag="260" ind1=" " ind2=" ">
    <subfield code="a">[Salt Lake City]</subfield>
    <subfield code="b">University of Utah, State School of Mines, in co-operation with the United States Bureau of Mines</subfield>
    <subfield code="c">[1919]</subfield>
  </datafield>
  <datafield tag="300" ind1=" " ind2=" ">
    <subfield code="a">208 p.</subfield>
    <subfield code="b">incl. fold. tables, fold. map.</subfield>
    <subfield code="c">23 cm.</subfield>
  </datafield>
  <datafield tag="650" ind1=" " ind2="0">
    <subfield code="a">Mines and mineral resources</subfield>
    <subfield code="z">Utah.</subfield>
  </datafield>
  <datafield tag="650" ind1=" " ind2="0">
    <subfield code="a">Mines and mineral resources</subfield>
    <subfield code="z">Utah</subfield>
    <subfield code="v">Bibliography.</subfield>
  </datafield>
  <datafield tag="700" ind1="1" ind2=" ">
    <subfield code="a">Varley, Thomas,</subfield>
    <subfield code="e">joint author.</subfield>
  </datafield>
  <datafield tag="700" ind1="1" ind2=" ">
    <subfield code="a">Schneider, Hyrum,</subfield>
    <subfield code="d">1882-1955.</subfield>
  </datafield>
  <datafield tag="856" ind1="4" ind2="1">
    <subfield code="a">Hathi Trust</subfield>
    <subfield code="u">https://catalog.hathitrust.org/Record/008429859</subfield>
  </datafield>
  <datafield tag="991" ind1=" " ind2=" ">
    <subfield code="b">c-GenColl</subfield>
    <subfield code="h">TN24.U8</subfield>
    <subfield code="i">L4</subfield>
    <subfield code="p">00029346033</subfield>
    <subfield code="t">Copy 1</subfield>
    <subfield code="w">PREM</subfield>
  </datafield>
</record>