
<record>
  <leader>00954cam a22002891  4500</leader>
  <controlfield tag="001">7882042</controlfield>
  <controlfield tag="005">20200103172052.0</controlfield>
  <controlfield tag="008">760323s1926    xx            000 0 eng  </controlfield>
  <datafield tag="906" ind1=" " ind2=" ">
    <subfield code="a">7</subfield>
    <subfield code="b">cbc</subfield>
    <subfield code="c">oclcrpl</subfield>
    <subfield code="d">u</subfield>
    <subfield code="e">ncip</subfield>
    <subfield code="f">19</subfield>
    <subfield code="g">y-gencatlg</subfield>
  </datafield>
  <datafield tag="010" ind1=" " ind2=" ">
    <subfield code="a">   47041651 </subfield>
  </datafield>
  <datafield tag="035" ind1=" " ind2=" ">
    <subfield code="9">(DLC)   47041651</subfield>
  </datafield>
  <datafield tag="035" ind1=" " ind2=" ">
    <subfield code="a">(OCoLC)2063553</subfield>
  </datafield>
  <datafield tag="040" ind1=" " ind2=" ">
    <subfield code="a">DLC</subfield>
    <subfield code="b">eng</subfield>
    <subfield code="c">MeWC</subfield>
    <subfield code="d">OCoLC</subfield>
    <subfield code="d">DLC</subfield>
  </datafield>
  <datafield tag="050" ind1="0" ind2="0">
    <subfield code="a">PR6029.F5</subfield>
    <subfield code="b">D3</subfield>
  </datafield>
  <datafield tag="100" ind1="1" ind2=" ">
    <subfield code="a">O&apos;Flaherty, Liam,</subfield>
    <subfield code="d">1896-1984.</subfield>
  </datafield>
  <datafield tag="245" ind1="1" ind2="0">
    <subfield code="a">Darkness,</subfield>
    <subfield code="b">a tragedy in three acts.</subfield>
  </datafield>
  <datafield tag="260" ind1=" " ind2=" ">
    <subfield code="a">London,</subfield>
    <subfield code="b">E. Archer,</subfield>
    <subfield code="c">1926.</subfield>
  </datafield>
  <datafield tag="300" ind1=" " ind2=" ">
    <subfield code="a">30 p.</subfield>
    <subfield code="b">port.</subfield>
    <subfield code="c">26 cm.</subfield>
  </datafield>
  <datafield tag="500" ind1=" " ind2=" ">
    <subfield code="a">&quot;One hundred copies privately printed.&quot;</subfield>
  </datafield>
  <datafield tag="500" ind1=" " ind2=" ">
    <subfield code="a">LC has copy no. 92 signed by author.</subfield>
    <subfield code="5">DLC</subfield>
  </datafield>
  <datafield tag="655" ind1=" " ind2="7">
    <subfield code="a">Tragedies.</subfield>
    <subfield code="2">gsafd</subfield>
  </datafield>
  <datafield tag="952" ind1=" " ind2=" ">
    <subfield code="a">LAC sba 2020-01-03 update (1 card)</subfield>
  </datafield>
  <datafield tag="984" ind1=" " ind2=" ">
    <subfield code="a">rsl</subfield>
    <subfield code="d">2020-01-03</subfield>
  </datafield>
  <datafield tag="985" ind1=" " ind2=" ">
    <subfield code="a">rblacfederal</subfield>
    <subfield code="d">20200103</subfield>
  </datafield>
  <datafield tag="985" ind1=" " ind2=" ">
    <subfield code="e">OCLC REPLACEMENT</subfield>
  </datafield>
  <datafield tag="987" ind1=" " ind2=" ">
    <subfield code="b">RBSCDRECON</subfield>
    <subfield code="c">20200103</subfield>
    <subfield code="d">r</subfield>
    <subfield code="f">AUTHORITY WORK NEEDED</subfield>
  </datafield>
  <datafield tag="991" ind1=" " ind2=" ">
    <subfield code="b">c-RareBook</subfield>
    <subfield code="h">PR6029.F5</subfield>
    <subfield code="i">D3</subfield>
    <subfield code="t">Copy 1</subfield>
    <subfield code="w">OCLCREP</subfield>
  </datafield>
</record>