
<record>
  <leader>03402cam a22004812  4500</leader>
  <controlfield tag="001">8193780</controlfield>
  <controlfield tag="005">20200103153012.0</controlfield>
  <controlfield tag="007">cr |||||||||||</controlfield>
  <controlfield tag="008">840929s1722    ne bef        000 0afre  </controlfield>
  <datafield tag="906" ind1=" " ind2=" ">
    <subfield code="a">7</subfield>
    <subfield code="b">cbc</subfield>
    <subfield code="c">premver</subfield>
    <subfield code="d">u</subfield>
    <subfield code="e">ncip</subfield>
    <subfield code="f">19</subfield>
    <subfield code="g">y-gencatlg</subfield>
  </datafield>
  <datafield tag="035" ind1=" " ind2=" ">
    <subfield code="9">(DLC)   02000067</subfield>
  </datafield>
  <datafield tag="010" ind1=" " ind2=" ">
    <subfield code="a">   02000067 </subfield>
  </datafield>
  <datafield tag="040" ind1=" " ind2=" ">
    <subfield code="a">DLC</subfield>
    <subfield code="b">eng</subfield>
    <subfield code="c">CarP</subfield>
    <subfield code="d">DLC</subfield>
  </datafield>
  <datafield tag="043" ind1=" " ind2=" ">
    <subfield code="a">s-cl---</subfield>
  </datafield>
  <datafield tag="050" ind1="0" ind2="0">
    <subfield code="a">F2221</subfield>
    <subfield code="b">.C79</subfield>
  </datafield>
  <datafield tag="100" ind1="1" ind2=" ">
    <subfield code="a">Coreal, Francisco,</subfield>
    <subfield code="d">1648?-1708.</subfield>
  </datafield>
  <datafield tag="242" ind1="1" ind2="0">
    <subfield code="a">Travels of François Coreal to the West Indies, containing the most remarkable things he has seen on his voyage from 1666 to 1697 :</subfield>
    <subfield code="b">translated from the Spanish with a presentation of Guiana by Walter Raleigh &amp; Voyage of Narborough to the South Sea via the Strait of Magellan</subfield>
    <subfield code="y">eng</subfield>
  </datafield>
  <datafield tag="245" ind1="1" ind2="0">
    <subfield code="a">Voyages de François Coreal aux Indes Occidentales, contenant ce qu&apos;il y a vû de plus remarquable pendant son séjour depuis 1666, jusqu&apos;en 1697.</subfield>
    <subfield code="b">Traduits de l&apos;espagnol avec une Relation de la Guiane de Walter Raleigh &amp; Voyage de Narborough à la mer du Sud par le détroit de Magellan. Tr. de l&apos;anglois.</subfield>
  </datafield>
  <datafield tag="260" ind1=" " ind2=" ">
    <subfield code="a">Amsterdam :</subfield>
    <subfield code="b">J. F. Bernard,</subfield>
    <subfield code="c">1722.</subfield>
  </datafield>
  <datafield tag="300" ind1=" " ind2=" ">
    <subfield code="a">3 v. :</subfield>
    <subfield code="b">plates (part fold.) maps (part fold.) plans (part fold.) ;</subfield>
    <subfield code="c">16 cm.</subfield>
  </datafield>
  <datafield tag="500" ind1=" " ind2=" ">
    <subfield code="a">No Spanish original of Coreal&apos;s voyages is known and the identity of the author has been questioned. cf. Nouvelle biog. générale, t. 11, col. 807-809.</subfield>
  </datafield>
  <datafield tag="505" ind1="0" ind2=" ">
    <subfield code="a">t. 1. Relation de voyages de François Coreal aux Indes.Occidentales. 1-2. ptie. -- t. 2. Relation des voyages de François Coreal ... 3. ptie. Relation de la Guiane, du lac de Parimé, &amp; des provinces d&apos;Emeria, d&apos;Arromaia &amp; d&apos;Amapaia decouvertes par le chevalier Walter Raleigh; tr. de l&apos;original anglois. Relation de la Guiane, tr. de l&apos;anglois de capitaine Keymis. Relation en forme de journal, de la découverte des îles de Palaos, ou nouvelles Philippines. -- t. 3. Journal du voyage du capitaine Narbrough à la mer du Sud. Relation d&apos;un voyage aux Terres Australes inconnues, tirée du Journal du capitaine Abel Jansen Tasman. Lettre du pere Nyel sur la mission des Moxes. Relation espagnole de la mission des Moxes dans le Pérow [par Antonio de Grellana].</subfield>
  </datafield>
  <datafield tag="530" ind1=" " ind2=" ">
    <subfield code="a">Also available in digital form on the Library of Congress Web site.</subfield>
  </datafield>
  <datafield tag="651" ind1=" " ind2="0">
    <subfield code="a">Latin America</subfield>
    <subfield code="x">Description and travel.</subfield>
  </datafield>
  <datafield tag="651" ind1=" " ind2="0">
    <subfield code="a">Magellan, Strait of (Chile and Argentina)</subfield>
    <subfield code="v">Early works to 1800.</subfield>
  </datafield>
  <datafield tag="651" ind1=" " ind2="0">
    <subfield code="a">Chile</subfield>
    <subfield code="x">Description and travel</subfield>
    <subfield code="v">Early works to 1800.</subfield>
  </datafield>
  <datafield tag="650" ind1=" " ind2="0">
    <subfield code="a">Voyages and travels</subfield>
    <subfield code="v">Early works to 1800.</subfield>
  </datafield>
  <datafield tag="651" ind1=" " ind2="0">
    <subfield code="a">Palau.</subfield>
  </datafield>
  <datafield tag="650" ind1=" " ind2="0">
    <subfield code="a">Mojo Indians.</subfield>
  </datafield>
  <datafield tag="700" ind1="1" ind2=" ">
    <subfield code="a">Narbrough, John,</subfield>
    <subfield code="c">Sir,</subfield>
    <subfield code="d">1640-1688.</subfield>
  </datafield>
  <datafield tag="700" ind1="1" ind2=" ">
    <subfield code="a">Nyel, Armand Jean Xavier,</subfield>
    <subfield code="d">1670-1738.</subfield>
  </datafield>
  <datafield tag="856" ind1="4" ind2="1">
    <subfield code="3">Volume 1</subfield>
    <subfield code="d">rbc0001</subfield>
    <subfield code="f">2019gen00067v1</subfield>
    <subfield code="q">o</subfield>
    <subfield code="u">http://hdl.loc.gov/loc.rbc/rbfr.0078</subfield>
  </datafield>
  <datafield tag="856" ind1="4" ind2="1">
    <subfield code="3">Volume 2</subfield>
    <subfield code="d">rbc0001</subfield>
    <subfield code="f">2019gen00067v2</subfield>
    <subfield code="q">o</subfield>
    <subfield code="u">http://hdl.loc.gov/loc.rbc/rbfr.0079</subfield>
  </datafield>
  <datafield tag="856" ind1="4" ind2="1">
    <subfield code="3">Volume 3</subfield>
    <subfield code="d">rbc0001</subfield>
    <subfield code="f">2019gen00067v3</subfield>
    <subfield code="q">o</subfield>
    <subfield code="u">http://hdl.loc.gov/loc.rbc/rbfr.0080</subfield>
  </datafield>
  <datafield tag="859" ind1="4" ind2="2">
    <subfield code="3">France in America: Selections from the LC Rare Books and Special Collections Division Description</subfield>
    <subfield code="u">http://hdl.loc.gov/loc.eur/frhtml.0002</subfield>
  </datafield>
  <datafield tag="952" ind1=" " ind2=" ">
    <subfield code="a">LAC snh 2019-06-18 update (1 card)</subfield>
  </datafield>
  <datafield tag="984" ind1=" " ind2=" ">
    <subfield code="a">rsl</subfield>
    <subfield code="d">2019-06-18</subfield>
  </datafield>
  <datafield tag="985" ind1=" " ind2=" ">
    <subfield code="a">rbc/scd</subfield>
  </datafield>
  <datafield tag="985" ind1=" " ind2=" ">
    <subfield code="a">rblacfederal</subfield>
    <subfield code="d">20190618</subfield>
  </datafield>
  <datafield tag="985" ind1=" " ind2=" ">
    <subfield code="a">ascfr/frlcrb/tx</subfield>
    <subfield code="e">intldl</subfield>
  </datafield>
  <datafield tag="985" ind1=" " ind2=" ">
    <subfield code="a">pmpull</subfield>
    <subfield code="e">ammem</subfield>
  </datafield>
  <datafield tag="987" ind1=" " ind2=" ">
    <subfield code="b">RBSCDRECON</subfield>
    <subfield code="c">20190618</subfield>
    <subfield code="d">r</subfield>
    <subfield code="f">AUTHORITY WORK NEEDED</subfield>
  </datafield>
  <datafield tag="991" ind1=" " ind2=" ">
    <subfield code="b">c-RareBook</subfield>
    <subfield code="h">F2221</subfield>
    <subfield code="i">.C79</subfield>
    <subfield code="t">Copy 1</subfield>
    <subfield code="w">PREM</subfield>
  </datafield>
</record>