
<record>
  <leader>02342cam a22003851  4500</leader>
  <controlfield tag="001">8198952</controlfield>
  <controlfield tag="005">20200103081347.0</controlfield>
  <controlfield tag="008">760525s1515    gw            000 0 lat  </controlfield>
  <datafield tag="906" ind1=" " ind2=" ">
    <subfield code="a">0</subfield>
    <subfield code="b">cbc</subfield>
    <subfield code="c">oclcrpl</subfield>
    <subfield code="d">u</subfield>
    <subfield code="e">ncip</subfield>
    <subfield code="f">19</subfield>
    <subfield code="g">y-gencatlg</subfield>
  </datafield>
  <datafield tag="955" ind1=" " ind2=" ">
    <subfield code="c">he11 2019-02-22</subfield>
  </datafield>
  <datafield tag="010" ind1=" " ind2=" ">
    <subfield code="a">   03029787 </subfield>
  </datafield>
  <datafield tag="035" ind1=" " ind2=" ">
    <subfield code="9">(DLC)   03029787</subfield>
  </datafield>
  <datafield tag="035" ind1=" " ind2=" ">
    <subfield code="a">(OCoLC)2193071</subfield>
  </datafield>
  <datafield tag="040" ind1=" " ind2=" ">
    <subfield code="a">DLC</subfield>
    <subfield code="c">TxDaM-P</subfield>
    <subfield code="d">DLC</subfield>
  </datafield>
  <datafield tag="050" ind1="0" ind2="0">
    <subfield code="a">DC37</subfield>
    <subfield code="b">.T83</subfield>
  </datafield>
  <datafield tag="051" ind1=" " ind2=" ">
    <subfield code="a">G113</subfield>
    <subfield code="b">.S7 1520 Copy 4</subfield>
    <subfield code="c">With: Solinus, C. Julius. Ioannis Camertis Minoritani, artium, et sacrae theologiae doctoris, in C. Iulii Solini Polyistōra enarrationes. Viennae Austriae : Per Ioanne[m] Singreniu[m] : Impensis honesti Lucae Alantse, ciuis, &amp; bibliopolae Viennensis, 1520.  Bound together subsequent to publication.</subfield>
  </datafield>
  <datafield tag="100" ind1="1" ind2=" ">
    <subfield code="a">Trithemius, Johannes,</subfield>
    <subfield code="d">1462-1516.</subfield>
  </datafield>
  <datafield tag="245" ind1="1" ind2="0">
    <subfield code="a">Compe[n]diu[m] siue Breuiariu[m] primi volvminis Annalivm sive historiarvm,</subfield>
    <subfield code="b">de origine regvm et gentis Francorvm</subfield>
    <subfield code="c">ad reverendissimvm in Christo patrem et principe[m] dominu[m] Laurentiu[m] Episcopu[m] vuirtzpurgen[n] orie[nt]ialisq[ue] Francie ducem.  Ioannis Tritemij abbatis ...</subfield>
  </datafield>
  <datafield tag="260" ind1=" " ind2=" ">
    <subfield code="a">[Moguntiae] :</subfield>
    <subfield code="b">[Ioannem Schöffer],</subfield>
    <subfield code="c">[1515]</subfield>
  </datafield>
  <datafield tag="300" ind1=" " ind2=" ">
    <subfield code="a">[110] p.</subfield>
    <subfield code="b">2 woodcuts.</subfield>
    <subfield code="c">30 cm.</subfield>
  </datafield>
  <datafield tag="500" ind1=" " ind2=" ">
    <subfield code="a">On title page: [woodcut: the imperial double eagle] Cum gratia et priuilegio. Cesaree, Ma.</subfield>
  </datafield>
  <datafield tag="500" ind1=" " ind2=" ">
    <subfield code="a">Signatures: 4 leaves unsigned; A⁶, B-C⁴, D-I⁶⁻⁴, K-L⁴ (last leaf blank)  Full page woodcut (second prelim. leaf, verso blank): the abbot kneeling presenting his book to the bishop.</subfield>
  </datafield>
  <datafield tag="500" ind1=" " ind2=" ">
    <subfield code="a">Colophon: Impressvm et completvm est presens chronicarum opus anno d[omi]ni. MDXV. in uigilia Margaretæ uirginis. In nobili famosaq[ue] urbe Moguntina, huius artis impressorie inuentrice prima. Per Ioannem Schöffer ...</subfield>
  </datafield>
  <datafield tag="510" ind1="4" ind2=" ">
    <subfield code="a">Library of Congress. Lessing J. Rosenwald collection,</subfield>
    <subfield code="c">629</subfield>
  </datafield>
  <datafield tag="510" ind1="4" ind2=" ">
    <subfield code="a">Rosenwald Collection (1954 ed.)</subfield>
    <subfield code="c">449</subfield>
  </datafield>
  <datafield tag="651" ind1=" " ind2="0">
    <subfield code="a">France</subfield>
    <subfield code="x">History</subfield>
    <subfield code="y">To 987.</subfield>
  </datafield>
  <datafield tag="650" ind1=" " ind2="0">
    <subfield code="a">Printing</subfield>
    <subfield code="x">History</subfield>
    <subfield code="x">Origin and antecedents.</subfield>
  </datafield>
  <datafield tag="700" ind1="1" ind2=" ">
    <subfield code="a">Schöffer, Johann,</subfield>
    <subfield code="d">approximately 1468-1531,</subfield>
    <subfield code="e">printer.</subfield>
  </datafield>
  <datafield tag="752" ind1=" " ind2=" ">
    <subfield code="a">Germany</subfield>
    <subfield code="b">Rhineland-Palatinate</subfield>
    <subfield code="d">Mainz.</subfield>
  </datafield>
  <datafield tag="952" ind1=" " ind2=" ">
    <subfield code="a">LAC brd 2019-03-06 no edits (2 cards)</subfield>
  </datafield>
  <datafield tag="952" ind1=" " ind2=" ">
    <subfield code="a">LAC ecr 2019-06-24 no edits (2 cards)</subfield>
  </datafield>
  <datafield tag="984" ind1=" " ind2=" ">
    <subfield code="a">rsl</subfield>
    <subfield code="d">2019-03-06</subfield>
  </datafield>
  <datafield tag="985" ind1=" " ind2=" ">
    <subfield code="e">OCLC REPLACEMENT</subfield>
  </datafield>
  <datafield tag="985" ind1=" " ind2=" ">
    <subfield code="a">rblacfederal</subfield>
    <subfield code="d">20190306</subfield>
  </datafield>
  <datafield tag="991" ind1=" " ind2=" ">
    <subfield code="b">c-GenColl</subfield>
    <subfield code="h">DC37</subfield>
    <subfield code="i">.T83</subfield>
    <subfield code="t">Copy 1</subfield>
    <subfield code="w">OCLCREP</subfield>
  </datafield>
</record>