
<record>
  <leader>00885cam a2200241u  4500</leader>
  <controlfield tag="001">8239013</controlfield>
  <controlfield tag="005">20200103081430.0</controlfield>
  <controlfield tag="008">831029s1650    fr a          000 0 lat  </controlfield>
  <datafield tag="906" ind1=" " ind2=" ">
    <subfield code="a">0</subfield>
    <subfield code="b">cbc</subfield>
    <subfield code="c">premunv</subfield>
    <subfield code="d">u</subfield>
    <subfield code="e">ncip</subfield>
    <subfield code="f">19</subfield>
    <subfield code="g">y-gencatlg</subfield>
  </datafield>
  <datafield tag="010" ind1=" " ind2=" ">
    <subfield code="a">   15007947 </subfield>
  </datafield>
  <datafield tag="035" ind1=" " ind2=" ">
    <subfield code="9">(DLC)   15007947</subfield>
  </datafield>
  <datafield tag="040" ind1=" " ind2=" ">
    <subfield code="a">DLC</subfield>
    <subfield code="c">CarP</subfield>
    <subfield code="d">DLC</subfield>
  </datafield>
  <datafield tag="050" ind1="0" ind2="0">
    <subfield code="a">Z126.5</subfield>
    <subfield code="b">.M45</subfield>
  </datafield>
  <datafield tag="100" ind1="1" ind2=" ">
    <subfield code="a">Mentel, Jacques,</subfield>
    <subfield code="d">1597-1671. </subfield>
  </datafield>
  <datafield tag="245" ind1="0" ind2="0">
    <subfield code="a">De vera typographiæ origine parænesis ...</subfield>
  </datafield>
  <datafield tag="260" ind1=" " ind2=" ">
    <subfield code="a">Parisiis,</subfield>
    <subfield code="b">ex officina Roberti Ballard,</subfield>
    <subfield code="c">1650.</subfield>
  </datafield>
  <datafield tag="300" ind1=" " ind2=" ">
    <subfield code="a">4 p.l., 119 p.</subfield>
    <subfield code="b">illus.</subfield>
    <subfield code="c">23 cm.</subfield>
  </datafield>
  <datafield tag="650" ind1=" " ind2="0">
    <subfield code="a">Printing</subfield>
    <subfield code="x">History</subfield>
    <subfield code="x">Origin and antecedents.</subfield>
  </datafield>
  <datafield tag="600" ind1="1" ind2="0">
    <subfield code="a">Mentelin, Johannes,</subfield>
    <subfield code="d">-1478. </subfield>
  </datafield>
  <datafield tag="710" ind1="2" ind2=" ">
    <subfield code="a">Pre-1801 Imprint Collection (Library of Congress)</subfield>
    <subfield code="5">DLC </subfield>
  </datafield>
  <datafield tag="985" ind1=" " ind2=" ">
    <subfield code="g">fcd</subfield>
  </datafield>
  <datafield tag="985" ind1=" " ind2=" ">
    <subfield code="a">rarebk/pre1801</subfield>
    <subfield code="e">rbc</subfield>
    <subfield code="f">ck03</subfield>
  </datafield>
  <datafield tag="991" ind1=" " ind2=" ">
    <subfield code="b">c-RareBook</subfield>
    <subfield code="h">Z126.5</subfield>
    <subfield code="i">.M45</subfield>
    <subfield code="t">Copy 1</subfield>
    <subfield code="m">Pre-1801 Coll</subfield>
    <subfield code="w">PREM</subfield>
  </datafield>
</record>