
<record>
  <leader>02138cam a2200433 a 4500</leader>
  <controlfield tag="001">8246608</controlfield>
  <controlfield tag="005">20200103171233.0</controlfield>
  <controlfield tag="008">830202s1737    enkac    b    001 0beng c</controlfield>
  <datafield tag="906" ind1=" " ind2=" ">
    <subfield code="a">0</subfield>
    <subfield code="b">cbc</subfield>
    <subfield code="c">premver</subfield>
    <subfield code="d">1</subfield>
    <subfield code="e">ncip</subfield>
    <subfield code="f">19</subfield>
    <subfield code="g">y-genrareb</subfield>
  </datafield>
  <datafield tag="955" ind1=" " ind2=" ">
    <subfield code="a">js10 2019-12-20</subfield>
    <subfield code="i">js10 2019-12-20 NEW INPUT</subfield>
  </datafield>
  <datafield tag="955" ind1=" " ind2=" ">
    <subfield code="a">vj10 03-05-98</subfield>
  </datafield>
  <datafield tag="010" ind1=" " ind2=" ">
    <subfield code="a">sd 18000117 </subfield>
  </datafield>
  <datafield tag="035" ind1=" " ind2=" ">
    <subfield code="9">(DLC)sd 18000117</subfield>
  </datafield>
  <datafield tag="035" ind1=" " ind2=" ">
    <subfield code="a">(OCoLC)9181685</subfield>
  </datafield>
  <datafield tag="040" ind1=" " ind2=" ">
    <subfield code="a">U.S. Dept. of State Libr.</subfield>
    <subfield code="b">eng</subfield>
    <subfield code="e">dcrmb</subfield>
    <subfield code="c">DLC</subfield>
    <subfield code="d">DLC</subfield>
  </datafield>
  <datafield tag="050" ind1="0" ind2="0">
    <subfield code="a">Z232.C38</subfield>
    <subfield code="b">L6</subfield>
  </datafield>
  <datafield tag="051" ind1=" " ind2=" ">
    <subfield code="a">Z232.C38</subfield>
    <subfield code="b">L6 Copy 2</subfield>
    <subfield code="c">Copy 2.</subfield>
  </datafield>
  <datafield tag="100" ind1="1" ind2=" ">
    <subfield code="a">Lewis, John,</subfield>
    <subfield code="d">1675-1747,</subfield>
    <subfield code="e">author.</subfield>
  </datafield>
  <datafield tag="245" ind1="1" ind2="4">
    <subfield code="a">The life of Mayster Wyllyam Caxton, of the weald of Kent :</subfield>
    <subfield code="b">the first printer in England : in which is given an account of the rise and progress of the art of pryntyng in England during his time, till 1493 /</subfield>
    <subfield code="c">collected by John Lewis, minister of Mergate in Kent.</subfield>
  </datafield>
  <datafield tag="260" ind1=" " ind2=" ">
    <subfield code="a">London :</subfield>
    <subfield code="b">[s.n.],</subfield>
    <subfield code="c">printed in the year MDCCXXXVII [1737]</subfield>
  </datafield>
  <datafield tag="300" ind1=" " ind2=" ">
    <subfield code="a">xxii, 156, [6] p. :</subfield>
    <subfield code="b">ill., port. ;</subfield>
    <subfield code="c">23 cm. (8vo)</subfield>
  </datafield>
  <datafield tag="500" ind1=" " ind2=" ">
    <subfield code="a">Signatures: A-L⁸ M⁴.</subfield>
  </datafield>
  <datafield tag="510" ind1="4" ind2=" ">
    <subfield code="a">English short title catalogue,</subfield>
    <subfield code="c">T40961</subfield>
  </datafield>
  <datafield tag="500" ind1=" " ind2=" ">
    <subfield code="a">With a frontispiece portrait of Caxton.</subfield>
  </datafield>
  <datafield tag="500" ind1=" " ind2=" ">
    <subfield code="a">&quot;Writers of the art of printing&quot;: p. 151-152.</subfield>
  </datafield>
  <datafield tag="500" ind1=" " ind2=" ">
    <subfield code="a">Includes index.</subfield>
  </datafield>
  <datafield tag="500" ind1=" " ind2=" ">
    <subfield code="a">Final three leaves contain an errata leaf followed by two leaves of illustration showing the &quot;Paper-marks used by Caxton from 1477-1490.&quot;</subfield>
  </datafield>
  <datafield tag="500" ind1=" " ind2=" ">
    <subfield code="a">Copy 2: With a page taken from another resource pasted on verso of errata leaf.</subfield>
    <subfield code="5">DLC</subfield>
  </datafield>
  <datafield tag="600" ind1="1" ind2="0">
    <subfield code="a">Caxton, William,</subfield>
    <subfield code="d">approximately 1422-1491 or 1492.</subfield>
  </datafield>
  <datafield tag="650" ind1=" " ind2="0">
    <subfield code="a">Printers</subfield>
    <subfield code="z">Great Britain</subfield>
    <subfield code="v">Biography</subfield>
    <subfield code="v">Early works to 1800.</subfield>
  </datafield>
  <datafield tag="650" ind1=" " ind2="0">
    <subfield code="a">Printing</subfield>
    <subfield code="z">England</subfield>
    <subfield code="z">London</subfield>
    <subfield code="x">History</subfield>
    <subfield code="x">Origin and antecedents.</subfield>
  </datafield>
  <datafield tag="650" ind1=" " ind2="0">
    <subfield code="a">Incunabula</subfield>
    <subfield code="z">England</subfield>
    <subfield code="z">London</subfield>
    <subfield code="v">Bibliography.</subfield>
  </datafield>
  <datafield tag="651" ind1=" " ind2="0">
    <subfield code="a">Westminster (London, England)</subfield>
    <subfield code="x">Imprints</subfield>
    <subfield code="v">Early works to 1800.</subfield>
  </datafield>
  <datafield tag="710" ind1="2" ind2=" ">
    <subfield code="a">Pre-1801 Imprint Collection (Library of Congress)</subfield>
    <subfield code="5">DLC</subfield>
  </datafield>
  <datafield tag="985" ind1=" " ind2=" ">
    <subfield code="e">OCLC REPLACEMENT</subfield>
  </datafield>
  <datafield tag="985" ind1=" " ind2=" ">
    <subfield code="g">fcd</subfield>
  </datafield>
  <datafield tag="991" ind1=" " ind2=" ">
    <subfield code="b">c-RareBook</subfield>
    <subfield code="h">Z232.C38</subfield>
    <subfield code="i">L6</subfield>
    <subfield code="t">Copy 1</subfield>
    <subfield code="m">Pre-1801 Coll</subfield>
    <subfield code="w">OCLCREP</subfield>
  </datafield>
  <datafield tag="991" ind1=" " ind2=" ">
    <subfield code="b">c-RareBook</subfield>
    <subfield code="h">Z232.C38</subfield>
    <subfield code="i">L6</subfield>
    <subfield code="t">Copy 2</subfield>
    <subfield code="m">Pre-1801 Coll</subfield>
    <subfield code="w">OCLCREP</subfield>
  </datafield>
  <datafield tag="985" ind1=" " ind2=" ">
    <subfield code="a">BibframePilot2</subfield>
    <subfield code="e">20 191220</subfield>
  </datafield>
</record>