
<record>
  <leader>01471cam a22003611  4500</leader>
  <controlfield tag="001">8280729</controlfield>
  <controlfield tag="005">20200103152835.0</controlfield>
  <controlfield tag="007">cr |||||||||||</controlfield>
  <controlfield tag="008">821119s1880    nyu           000 1 eng  </controlfield>
  <datafield tag="906" ind1=" " ind2=" ">
    <subfield code="a">7</subfield>
    <subfield code="b">cbc</subfield>
    <subfield code="c">premver</subfield>
    <subfield code="d">u</subfield>
    <subfield code="e">ncip</subfield>
    <subfield code="f">19</subfield>
    <subfield code="g">y-gencatlg</subfield>
  </datafield>
  <datafield tag="035" ind1=" " ind2=" ">
    <subfield code="9">(DLC)ca 31000617</subfield>
  </datafield>
  <datafield tag="010" ind1=" " ind2=" ">
    <subfield code="a">ca 31000617 </subfield>
  </datafield>
  <datafield tag="040" ind1=" " ind2=" ">
    <subfield code="a">DLC</subfield>
    <subfield code="c">CarP</subfield>
    <subfield code="d">DLC</subfield>
  </datafield>
  <datafield tag="041" ind1="1" ind2=" ">
    <subfield code="a">eng</subfield>
    <subfield code="h">fre</subfield>
  </datafield>
  <datafield tag="050" ind1="0" ind2="0">
    <subfield code="a">PZ1</subfield>
    <subfield code="b">.S44 v. 43, no. 874</subfield>
  </datafield>
  <datafield tag="100" ind1="1" ind2=" ">
    <subfield code="a">Bernhardt, Sarah,</subfield>
    <subfield code="d">1844-1923.</subfield>
  </datafield>
  <datafield tag="240" ind1="1" ind2="0">
    <subfield code="a">Dans les nuages.</subfield>
    <subfield code="l">English</subfield>
  </datafield>
  <datafield tag="245" ind1="1" ind2="0">
    <subfield code="a">In the clouds.</subfield>
    <subfield code="c">By Sarah Bernhardt.</subfield>
  </datafield>
  <datafield tag="260" ind1=" " ind2=" ">
    <subfield code="a">New York,</subfield>
    <subfield code="b">G. Munro</subfield>
    <subfield code="c">c1880.</subfield>
  </datafield>
  <datafield tag="300" ind1=" " ind2=" ">
    <subfield code="a">24 p.</subfield>
    <subfield code="c">33 cm.</subfield>
  </datafield>
  <datafield tag="440" ind1=" " ind2="0">
    <subfield code="a">Seaside library ;</subfield>
    <subfield code="v">v. 43, no. 874</subfield>
  </datafield>
  <datafield tag="500" ind1=" " ind2=" ">
    <subfield code="a">Translated by John Joline Ross. Illustrated by Georges Clairin.</subfield>
  </datafield>
  <datafield tag="500" ind1=" " ind2=" ">
    <subfield code="a">&quot;Grace Flemyng&apos;s husband. By Violet Whyte&quot;: p. [14]-24.</subfield>
  </datafield>
  <datafield tag="530" ind1=" " ind2=" ">
    <subfield code="a">Also available in digital form on the Library of Congress Web site.</subfield>
  </datafield>
  <datafield tag="700" ind1="1" ind2=" ">
    <subfield code="a">Ross, John Joline,</subfield>
    <subfield code="e">tr.</subfield>
  </datafield>
  <datafield tag="700" ind1="1" ind2="2">
    <subfield code="a">Winter, John Strange,</subfield>
    <subfield code="d">1856-1911.</subfield>
    <subfield code="t">Grace Flemyng&apos;s husband.</subfield>
  </datafield>
  <datafield tag="710" ind1="2" ind2=" ">
    <subfield code="a">Seaside Library Collection (Library of Congress)</subfield>
    <subfield code="5">DLC</subfield>
  </datafield>
  <datafield tag="856" ind1="4" ind2="1">
    <subfield code="d">rbc0001</subfield>
    <subfield code="f">2019seaside00617</subfield>
    <subfield code="q">o</subfield>
    <subfield code="u">http://hdl.loc.gov/loc.rbc/rbfr.2025</subfield>
  </datafield>
  <datafield tag="859" ind1="4" ind2="2">
    <subfield code="3">France in America: Selection from the Seaside Library Series, Rare Book and Special Collections Division Description</subfield>
    <subfield code="u">http://hdl.loc.gov/loc.eur/frhtml.0023</subfield>
    <subfield code="q">u</subfield>
  </datafield>
  <datafield tag="985" ind1=" " ind2=" ">
    <subfield code="a">rbc/scd</subfield>
  </datafield>
  <datafield tag="985" ind1=" " ind2=" ">
    <subfield code="a">ascfr/frlcrbss/tx</subfield>
    <subfield code="e">intldl</subfield>
  </datafield>
  <datafield tag="985" ind1=" " ind2=" ">
    <subfield code="a">pmpull</subfield>
    <subfield code="e">ammem</subfield>
  </datafield>
  <datafield tag="991" ind1=" " ind2=" ">
    <subfield code="b">c-GenColl</subfield>
    <subfield code="h">PZ1</subfield>
    <subfield code="i">.S44 vol. 43</subfield>
    <subfield code="t">Copy 1</subfield>
    <subfield code="w">PREM</subfield>
  </datafield>
</record>