
<record>
  <leader>03303cam a2200565 a 4500</leader>
  <controlfield tag="001">8288531</controlfield>
  <controlfield tag="005">20200103153049.0</controlfield>
  <controlfield tag="007">cr |||||||||||</controlfield>
  <controlfield tag="008">750811s1786    enkacf        000 0 eng  </controlfield>
  <datafield tag="906" ind1=" " ind2=" ">
    <subfield code="a">7</subfield>
    <subfield code="b">cbc</subfield>
    <subfield code="c">premver</subfield>
    <subfield code="d">2</subfield>
    <subfield code="e">ncip</subfield>
    <subfield code="f">19</subfield>
    <subfield code="g">y-genrareb</subfield>
  </datafield>
  <datafield tag="955" ind1=" " ind2=" ">
    <subfield code="b">he00</subfield>
    <subfield code="i">he04 2014-02-25 NEW INPUT</subfield>
  </datafield>
  <datafield tag="010" ind1=" " ind2=" ">
    <subfield code="a">   33010317 </subfield>
  </datafield>
  <datafield tag="040" ind1=" " ind2=" ">
    <subfield code="a">DLC</subfield>
    <subfield code="c">DLC</subfield>
    <subfield code="e">dcrmb</subfield>
  </datafield>
  <datafield tag="041" ind1="0" ind2=" ">
    <subfield code="a">eng</subfield>
    <subfield code="a">fre</subfield>
  </datafield>
  <datafield tag="043" ind1=" " ind2=" ">
    <subfield code="a">e-uk-en</subfield>
  </datafield>
  <datafield tag="050" ind1="0" ind2="0">
    <subfield code="a">TL620.B6</subfield>
    <subfield code="b">J4 1786</subfield>
  </datafield>
  <datafield tag="051" ind1=" " ind2=" ">
    <subfield code="a">TL620.B6</subfield>
    <subfield code="b">J4 1786 Copy 2</subfield>
    <subfield code="c">With a card laid in: Gift of C.R. Fairey to Institute of the Aeronautical Sciences. With the Institute&apos;s bookplate.</subfield>
  </datafield>
  <datafield tag="051" ind1=" " ind2=" ">
    <subfield code="a">TL620.B6</subfield>
    <subfield code="b">J4 1786 Copy 3</subfield>
    <subfield code="c">In a slip case, with a bookplate: Presented by Bella C. Landauer to the Aeronautical Archives. With the bookplate of Bella Clara Landauer.</subfield>
  </datafield>
  <datafield tag="051" ind1=" " ind2=" ">
    <subfield code="a">TL620.B6</subfield>
    <subfield code="b">J4 1786 Copy 4</subfield>
    <subfield code="c">Forms part of the Jefferson Exhibit Collection. Gift of Jerry and Gene Jones, 2 Oct. 2001</subfield>
  </datafield>
  <datafield tag="082" ind1=" " ind2=" ">
    <subfield code="a">629.13322</subfield>
  </datafield>
  <datafield tag="100" ind1="1" ind2=" ">
    <subfield code="a">Jeffries, John,</subfield>
    <subfield code="d">1745-1819.</subfield>
  </datafield>
  <datafield tag="245" ind1="1" ind2="2">
    <subfield code="a">A narrative of the two aerial voyages of Doctor Jeffries with Mons. Blanchard :</subfield>
    <subfield code="b">with meteorological observations and remarks : the first voyage, on the thirtieth of November, 1784, from London into Kent : the second, on the seventh of January, 1785, from England into France /</subfield>
    <subfield code="c">by Doctor Jeffries ; presented to the Royal Society, April 14, 1785, and read before them, January, 1786.</subfield>
  </datafield>
  <datafield tag="260" ind1=" " ind2=" ">
    <subfield code="a">London :</subfield>
    <subfield code="b">Printed for the author and sold by J. Robson ...,</subfield>
    <subfield code="c">MDCCLXXXVI [1786]</subfield>
  </datafield>
  <datafield tag="300" ind1=" " ind2=" ">
    <subfield code="a">[8], 7-60 p., [2] leaves of plates :</subfield>
    <subfield code="b">ill., port. (engravings) ;</subfield>
    <subfield code="c">29 cm (8vo)</subfield>
  </datafield>
  <datafield tag="546" ind1=" " ind2=" ">
    <subfield code="a">With text in English and French.</subfield>
  </datafield>
  <datafield tag="500" ind1=" " ind2=" ">
    <subfield code="a">Signatures: [A-B]² chi1 C-H² [I]² K-P².</subfield>
  </datafield>
  <datafield tag="510" ind1="4" ind2=" ">
    <subfield code="a">Sowerby, E.M.  Cat. of the lib. of Thomas Jefferson,</subfield>
    <subfield code="c">1141</subfield>
  </datafield>
  <datafield tag="510" ind1="4" ind2=" ">
    <subfield code="a">ESTC</subfield>
    <subfield code="c">T10668</subfield>
  </datafield>
  <datafield tag="500" ind1=" " ind2=" ">
    <subfield code="a">LC copy has inscription, signed G. Tissandier: &quot;Cette curieuse brochure m&apos;a été donnée en 1885 par les petits fils du dr. Jeffries ...&quot;</subfield>
    <subfield code="5">DLC</subfield>
  </datafield>
  <datafield tag="500" ind1=" " ind2=" ">
    <subfield code="a">LC copy is from the library of Gaston Tissandier.</subfield>
    <subfield code="5">DLC</subfield>
  </datafield>
  <datafield tag="530" ind1=" " ind2=" ">
    <subfield code="a">Also available in digital form on the Library of Congress Web site.</subfield>
  </datafield>
  <datafield tag="650" ind1=" " ind2="0">
    <subfield code="a">Balloon ascensions</subfield>
    <subfield code="z">England</subfield>
    <subfield code="v">Early works to 1800.</subfield>
  </datafield>
  <datafield tag="600" ind1="1" ind2="0">
    <subfield code="a">Blanchard, Jean-Pierre,</subfield>
    <subfield code="d">1753-1809.</subfield>
  </datafield>
  <datafield tag="700" ind1="1" ind2=" ">
    <subfield code="a">Tissandier, Gaston,</subfield>
    <subfield code="d">1843-1899,</subfield>
    <subfield code="e">former owner.</subfield>
    <subfield code="5">DLC</subfield>
  </datafield>
  <datafield tag="700" ind1="1" ind2=" ">
    <subfield code="a">Landauer, Bella Clara,</subfield>
    <subfield code="d">1874-1960,</subfield>
    <subfield code="e">former owner.</subfield>
    <subfield code="5">DLC</subfield>
  </datafield>
  <datafield tag="710" ind1="2" ind2=" ">
    <subfield code="a">Institute of the Aeronautical Sciences (U.S.).</subfield>
    <subfield code="b">Aeronautical Archives,</subfield>
    <subfield code="e">former owner.</subfield>
    <subfield code="5">DLC</subfield>
  </datafield>
  <datafield tag="710" ind1="2" ind2=" ">
    <subfield code="a">Jerry and Gene Jones Jefferson Collection (Library of Congress)</subfield>
    <subfield code="5">DLC</subfield>
  </datafield>
  <datafield tag="752" ind1=" " ind2=" ">
    <subfield code="a">England</subfield>
    <subfield code="d">London</subfield>
  </datafield>
  <datafield tag="856" ind1="4" ind2="1">
    <subfield code="d">rbc0001</subfield>
    <subfield code="f">2019gen10317c2</subfield>
    <subfield code="q">o</subfield>
    <subfield code="u">http://hdl.loc.gov/loc.rbc/rbfr.0051</subfield>
  </datafield>
  <datafield tag="859" ind1="4" ind2="2">
    <subfield code="3">France in America: Selections from the LC Rare Books and Special Collections Division Description</subfield>
    <subfield code="u">http://hdl.loc.gov/loc.eur/frhtml.0002</subfield>
  </datafield>
  <datafield tag="952" ind1=" " ind2=" ">
    <subfield code="a">TL620.B6 J4 1786 Copy 1 NOS in RBSCD. OCat cards has faintly pencilled note: Div. of Aeronautics Office. gsl notes c. 1 &quot;reassigned 9/29/[19]52&quot;. he04 2014-02-27</subfield>
  </datafield>
  <datafield tag="952" ind1=" " ind2=" ">
    <subfield code="a">LAC nsk 2019-02-21 no edits (1 card)</subfield>
  </datafield>
  <datafield tag="952" ind1=" " ind2=" ">
    <subfield code="a">LAC rwp 2019-02-25 review</subfield>
  </datafield>
  <datafield tag="984" ind1=" " ind2=" ">
    <subfield code="a">rsl</subfield>
    <subfield code="d">2019-02-21</subfield>
  </datafield>
  <datafield tag="984" ind1=" " ind2=" ">
    <subfield code="a">gsl</subfield>
  </datafield>
  <datafield tag="985" ind1=" " ind2=" ">
    <subfield code="a">rbc/scd</subfield>
  </datafield>
  <datafield tag="985" ind1=" " ind2=" ">
    <subfield code="a">rblacfederal</subfield>
    <subfield code="d">20190221</subfield>
  </datafield>
  <datafield tag="985" ind1=" " ind2=" ">
    <subfield code="a">ascfr/frlcrb/tx</subfield>
    <subfield code="e">intldl</subfield>
  </datafield>
  <datafield tag="985" ind1=" " ind2=" ">
    <subfield code="a">pmpull</subfield>
    <subfield code="e">ammem</subfield>
  </datafield>
  <datafield tag="991" ind1=" " ind2=" ">
    <subfield code="b">c-RareBook</subfield>
    <subfield code="h">TL620.B6</subfield>
    <subfield code="i">J4 1786</subfield>
    <subfield code="t">Copy 1</subfield>
    <subfield code="w">OCLCREP</subfield>
  </datafield>
</record>