
<record>
  <leader>06327cam a22004932  4500</leader>
  <controlfield tag="001">8662156</controlfield>
  <controlfield tag="005">20200103153330.0</controlfield>
  <controlfield tag="007">cr |||||||||||</controlfield>
  <controlfield tag="008">820923m18461853nyubch        000 0 eng  </controlfield>
  <datafield tag="906" ind1=" " ind2=" ">
    <subfield code="a">7</subfield>
    <subfield code="b">cbc</subfield>
    <subfield code="c">premver</subfield>
    <subfield code="d">u</subfield>
    <subfield code="e">ncip</subfield>
    <subfield code="f">19</subfield>
    <subfield code="g">y-gencatlg</subfield>
  </datafield>
  <datafield tag="010" ind1=" " ind2=" ">
    <subfield code="a">   02002986 </subfield>
  </datafield>
  <datafield tag="035" ind1=" " ind2=" ">
    <subfield code="9">(DLC)   02002986</subfield>
  </datafield>
  <datafield tag="040" ind1=" " ind2=" ">
    <subfield code="a">DLC</subfield>
    <subfield code="c">CarP</subfield>
    <subfield code="d">DLC</subfield>
  </datafield>
  <datafield tag="043" ind1=" " ind2=" ">
    <subfield code="a">n------</subfield>
    <subfield code="a">n-us-fl</subfield>
    <subfield code="a">n-us-la</subfield>
  </datafield>
  <datafield tag="050" ind1="0" ind2="0">
    <subfield code="a">F366</subfield>
    <subfield code="b">.F87</subfield>
  </datafield>
  <datafield tag="100" ind1="1" ind2=" ">
    <subfield code="a">French, B. F.</subfield>
    <subfield code="q">(Benjamin Franklin),</subfield>
    <subfield code="d">1799-1877,</subfield>
    <subfield code="e">ed.</subfield>
  </datafield>
  <datafield tag="245" ind1="1" ind2="0">
    <subfield code="a">Historical collections of Louisiana :</subfield>
    <subfield code="b">embracing translations of many rare and valuable documents relating to the natural, civil and political history of that state. /</subfield>
    <subfield code="c">Compiled with historical and biographical notes, and an introduction, by B.F. French.</subfield>
  </datafield>
  <datafield tag="260" ind1=" " ind2=" ">
    <subfield code="a">New York :</subfield>
    <subfield code="b">Wiley and Putnam; [etc., etc.] ,</subfield>
    <subfield code="c">1846-53.</subfield>
  </datafield>
  <datafield tag="300" ind1=" " ind2=" ">
    <subfield code="a">5 v. :</subfield>
    <subfield code="b">fronts. (v. 2, fold. map; v. 3-4, facsims.; v. 5, port.) fold. map. ;</subfield>
    <subfield code="c">23 cm.</subfield>
  </datafield>
  <datafield tag="500" ind1=" " ind2=" ">
    <subfield code="a">Imprint varies: v. 1, New York, Wiley and Putnam, 1846.--v. 2, Philadelphia, Daniels and Smith, 1850.--v. 3, New York, D. Appleton &amp; Company, 1851.--v. 4, Redfield, 1852.--v. 5, New-York, Lamport, Blakeman &amp; Law, 1853.</subfield>
  </datafield>
  <datafield tag="500" ind1=" " ind2=" ">
    <subfield code="a">Followed by the author&apos;s &quot;Historical collections of Louisiana and Florida ... New ser.&quot; 1869 and &quot;Historical collections of Louisiana and Florida ... 2d ser.&quot; 1875.</subfield>
  </datafield>
  <datafield tag="500" ind1=" " ind2=" ">
    <subfield code="a">The words &quot;translation of&quot; do not appear in title of v. 1.</subfield>
  </datafield>
  <datafield tag="500" ind1=" " ind2=" ">
    <subfield code="a">Vol. 5 has title: Historical memoirs of Louisiana, from the first settlement of the colony to the departure of Governor O&apos;Reilly in 1770 ... forming the fifth of the series of Historical collections of Louisiana ...</subfield>
  </datafield>
  <datafield tag="505" ind1="0" ind2=" ">
    <subfield code="a">v. 1. A discourse delivered before the Historical Society of Louisiana, January 13, 1836, by H.A. Bullard. Memoir of Robert Cavelier de la Salle, on the necessity of fitting out an expedition to take possession of Louisiana. [1677] Letters patent granted by the King of France to the Sieur de La Salle on the 12th May, 1678. Memoir of the Sieur de La Salle reporting to Monseigneur de Seignelay the discoveries made by him under the order of His Majesty. Account of the taking possession of Louisiana, by M. de La Salle. 1682. Will of the Sieur de La Salle. 1681. Memoir, by the Sieur de la Tonty ... sent in 1693 on the discovery of the Mississippi and the neighboring nations by M. de La Salle, from the year 1678 to the time of his death, and by the Sieur de Tonty to the year 1691. Petition of the Chevalier de Tonty to the Count de Pontchartrain, minister of the marine. [1690?] Tonty&apos;s account of the route from the Illinois, by the river Mississippi, to the gulf of Mexico. Joutel&apos;s Historical journal of Monsieur de La Salle&apos;s last voyage to discover the river Mississippi. Account of the discovery of the river Mississippi, and the adjacent country, by Father Louis Hennepin. An account of M. de La Salle&apos;s undertaking to discover the river Mississippi, by way of the gulf of Mexico, by Father Louis Hennepin.--</subfield>
  </datafield>
  <datafield tag="505" ind1="0" ind2=" ">
    <subfield code="a">v. 2. [Account of the Louisiana Historical Society, with list of members, by J.D.B. DeBow, secretary] A discourse on the life, character and writings of the Hon. Francois Xavier Martin ... by H.A. Bullard. An analytical index of the whole of the public documents relative to Louisiana, deposited in the archives of the Department &quot;de la marine et des colomes [!]&quot; et &quot;Bibliothèque du roi&quot; at Paris, by E.J. Forstall. A translation of an original letter of Hernando de Soto on the conquest of Florida. [1539] A translation of a recently dicovered manuscript journal of the expedition of Hernando de Soto into Florida, by Luis Hernandez de Biedma. [1544] A narrative of the expedition of Hernando de Soto into Florida, by a gentleman of Elvas ... tr. from the Portuguese by Richard Hackluyt, London, 1609. A description of the English province of Carolina, by the Spaniards called Florida and by the French La Louisiane ... by Daniel Coxe. An account of the discovery of some new countries and nations in North America, in 1673, by Pere Marquette and Sieur Joliet. Table ... of geographical positions of the Mississippi and Missouri, as ascertained by Long, Nicollet and others.--</subfield>
  </datafield>
  <datafield tag="505" ind1="0" ind2=" ">
    <subfield code="a">v. 3. Memoir of Hon. Henry A. Bullard [by B.F. French] Historical journal of the establishment of the French in Louisiana, by Benard de La Harpe. Historical journal of Father Pierre Francois Xavier de Charlevoix, in letters addressed to the Dutchess of Lesdiguieres. [1721-22] Coppie d&apos;vne lettre venant de la Floride, enuoyee a Rouen, et depuis au Seigneur d&apos;Eueron; ensemble le plan et portraict du fort que les François y ont faict. 1564. Histoire mémorable du dernier voyage aux Index, lieu appele La Floride, (Nouuelle France,) fait par le capitaine Iean Ribaut ... M.D.LXV. [par N. Le Challeux] Journal historique de l&apos;etablissement des Francais a la Louisane par m. de Sauvole. [1701] Mémoire de m. Richebourg sur la premiere guerre des Natchez.--v. 4. [Discovery and exploration of the Mississippi valley, by J.G. Shea]--v. 5. History of Louisiana, translated from the historical memoirs of M. [Butel-]Dumont. Memoir of the present state of Louisiana : by Chevalier de Champigny. Appendix of historical documents and elucidations.</subfield>
  </datafield>
  <datafield tag="530" ind1=" " ind2=" ">
    <subfield code="a">Also available in digital form on the Library of Congress Web site.</subfield>
  </datafield>
  <datafield tag="651" ind1=" " ind2="0">
    <subfield code="a">Louisiana</subfield>
    <subfield code="x">History</subfield>
    <subfield code="y">To 1803</subfield>
    <subfield code="v">Sources.</subfield>
  </datafield>
  <datafield tag="651" ind1=" " ind2="0">
    <subfield code="a">Mississippi river valley</subfield>
    <subfield code="x">History</subfield>
    <subfield code="y">To 1803</subfield>
    <subfield code="v">Sources.</subfield>
  </datafield>
  <datafield tag="651" ind1=" " ind2="0">
    <subfield code="a">Florida</subfield>
    <subfield code="x">History</subfield>
    <subfield code="y">To 1821</subfield>
    <subfield code="v">Sources.</subfield>
  </datafield>
  <datafield tag="600" ind1="1" ind2="0">
    <subfield code="a">Soto, Hernando de,</subfield>
    <subfield code="d">approximately 1500-1542.</subfield>
  </datafield>
  <datafield tag="651" ind1=" " ind2="0">
    <subfield code="a">America</subfield>
    <subfield code="x">Discovery and exploration.</subfield>
  </datafield>
  <datafield tag="856" ind1="4" ind2="1">
    <subfield code="3">Outline view</subfield>
    <subfield code="d">rbc0001</subfield>
    <subfield code="f">2019gen02986</subfield>
    <subfield code="q">u</subfield>
    <subfield code="u">http://hdl.loc.gov/loc.rbc/rbfr.2986</subfield>
  </datafield>
  <datafield tag="859" ind1="4" ind2="2">
    <subfield code="3">France in America: Selections from the LC Rare Books and Special Collections Division Description</subfield>
    <subfield code="q">u</subfield>
    <subfield code="u">http://hdl.loc.gov/loc.eur/frhtml.0002</subfield>
  </datafield>
  <datafield tag="952" ind1=" " ind2=" ">
    <subfield code="a">LAC snh 2019-07-10 update (6 card)</subfield>
  </datafield>
  <datafield tag="952" ind1=" " ind2=" ">
    <subfield code="a">Copy 1 &amp; 2 are duplicated on HREC ; LAC snh 07-10-2019</subfield>
  </datafield>
  <datafield tag="984" ind1=" " ind2=" ">
    <subfield code="a">rsl</subfield>
    <subfield code="d">2019-07-10</subfield>
  </datafield>
  <datafield tag="985" ind1=" " ind2=" ">
    <subfield code="a">rblacfederal</subfield>
    <subfield code="d">20190710</subfield>
  </datafield>
  <datafield tag="985" ind1=" " ind2=" ">
    <subfield code="a">ascfr/frlcrb/tx</subfield>
    <subfield code="e">intldl</subfield>
  </datafield>
  <datafield tag="985" ind1=" " ind2=" ">
    <subfield code="a">pmpull</subfield>
    <subfield code="e">intldl</subfield>
  </datafield>
  <datafield tag="987" ind1=" " ind2=" ">
    <subfield code="b">RBSCDRECON</subfield>
    <subfield code="c">20190710</subfield>
    <subfield code="d">r</subfield>
    <subfield code="f">AUTHORITY WORK NEEDED ; CALL NUMBER DISCREPANCY</subfield>
  </datafield>
  <datafield tag="991" ind1=" " ind2=" ">
    <subfield code="b">c-RareBook</subfield>
    <subfield code="h">F366</subfield>
    <subfield code="i">.F87</subfield>
    <subfield code="t">Copy 1</subfield>
    <subfield code="w">PREM</subfield>
  </datafield>
  <datafield tag="991" ind1=" " ind2=" ">
    <subfield code="b">c-RareBook</subfield>
    <subfield code="h">F366</subfield>
    <subfield code="i">.F87</subfield>
    <subfield code="p">00015163975</subfield>
    <subfield code="t">Copy 2</subfield>
    <subfield code="v">3</subfield>
    <subfield code="w">CCF</subfield>
  </datafield>
  <datafield tag="985" ind1=" " ind2=" ">
    <subfield code="a">bnffia-bk</subfield>
  </datafield>
</record>