
<record>
  <leader>01573cam a22002891  4500</leader>
  <controlfield tag="001">8675185</controlfield>
  <controlfield tag="005">20200103081637.0</controlfield>
  <controlfield tag="008">830517s1742    nyuf          000 0 ita  </controlfield>
  <datafield tag="906" ind1=" " ind2=" ">
    <subfield code="a">7</subfield>
    <subfield code="b">cbc</subfield>
    <subfield code="c">premunv</subfield>
    <subfield code="d">u</subfield>
    <subfield code="e">ncip</subfield>
    <subfield code="f">19</subfield>
    <subfield code="g">y-gencatlg</subfield>
  </datafield>
  <datafield tag="010" ind1=" " ind2=" ">
    <subfield code="a">   06008066 </subfield>
  </datafield>
  <datafield tag="035" ind1=" " ind2=" ">
    <subfield code="9">(DLC)   06008066</subfield>
  </datafield>
  <datafield tag="040" ind1=" " ind2=" ">
    <subfield code="a">DLC</subfield>
    <subfield code="b">eng</subfield>
    <subfield code="c">CarP</subfield>
    <subfield code="d">DLC</subfield>
  </datafield>
  <datafield tag="050" ind1="0" ind2="0">
    <subfield code="a">Z126.3</subfield>
    <subfield code="b">.S46</subfield>
  </datafield>
  <datafield tag="240" ind1="0" ind2="0">
    <subfield code="a">Het derde jubeljaar der uitgevondene boekdrukkunst. Latin.</subfield>
  </datafield>
  <datafield tag="245" ind1="1" ind2="0">
    <subfield code="a">Annus tertius sæcularis inventæ artis typographicæ,</subfield>
    <subfield code="c">sive Brevis historica enarratio de inventione nobilissimæ artis typographicæ, in qua ostenditur, quo tempore, à quo &amp; ubi locorum ea primùm fuerit inventa, post magis magisque exculta &amp; per orbem terrarum sparsa? Et quot quantaque commoda ex ea in genus humanum redundarint? Auctore Johanne Christiano Seiz ... Ex idiomate belgico in gratian exterorum Latine, &amp; hinc inde auctior reddita ...</subfield>
  </datafield>
  <datafield tag="260" ind1=" " ind2=" ">
    <subfield code="a">Harlemi,</subfield>
    <subfield code="b">apud Isaacum et Ioannem Enschede</subfield>
    <subfield code="c">[1742]</subfield>
  </datafield>
  <datafield tag="300" ind1=" " ind2=" ">
    <subfield code="a">13 p. l., 248, [14] p.</subfield>
    <subfield code="b">fold. plates.</subfield>
    <subfield code="c">20 cm.</subfield>
  </datafield>
  <datafield tag="500" ind1=" " ind2=" ">
    <subfield code="a">Added t.-p., engraved, dated: 1741.</subfield>
  </datafield>
  <datafield tag="650" ind1=" " ind2="0">
    <subfield code="a">Printing</subfield>
    <subfield code="x">History</subfield>
    <subfield code="x">Origin and antecedents.</subfield>
  </datafield>
  <datafield tag="600" ind1="1" ind2="0">
    <subfield code="a">Coster, Lourens Janszoon,</subfield>
    <subfield code="d">approximately 1370-1439.</subfield>
  </datafield>
  <datafield tag="650" ind1=" " ind2="0">
    <subfield code="a">Printing</subfield>
    <subfield code="z">Netherlands</subfield>
    <subfield code="z">Haarlem</subfield>
    <subfield code="x">History</subfield>
    <subfield code="x">Origin and antecedents.</subfield>
  </datafield>
  <datafield tag="650" ind1=" " ind2="0">
    <subfield code="a">Incunabula</subfield>
    <subfield code="z">Netherlands</subfield>
    <subfield code="z">Haarlem</subfield>
    <subfield code="v">Bibliography.</subfield>
  </datafield>
  <datafield tag="651" ind1=" " ind2="0">
    <subfield code="a">Haarlem (Netherlands)</subfield>
    <subfield code="x">Imprints</subfield>
    <subfield code="v">Early works to 1800.</subfield>
  </datafield>
  <datafield tag="952" ind1=" " ind2=" ">
    <subfield code="a">LAC knj 2019-04-30 update (1 card)</subfield>
  </datafield>
  <datafield tag="984" ind1=" " ind2=" ">
    <subfield code="a">rsl</subfield>
    <subfield code="d">2019-04-30</subfield>
  </datafield>
  <datafield tag="985" ind1=" " ind2=" ">
    <subfield code="a">rblacfederal</subfield>
    <subfield code="d">20190430</subfield>
  </datafield>
  <datafield tag="991" ind1=" " ind2=" ">
    <subfield code="b">c-GenColl</subfield>
    <subfield code="h">Z126.3</subfield>
    <subfield code="i">.S46 (Rare Bk. Coll.)</subfield>
    <subfield code="t">Copy 1</subfield>
    <subfield code="w">PREM</subfield>
  </datafield>
</record>